@misc{TSP,
    key = {TSP},
    title = {Travelling Salesman Problem},
    month = {September},
    year = {2008},
    publisher = {In-Teh},
    pages = {212},
}

@book{alg,
  authors = {Kleinberg, Tardos},
  year = {2005},
  title = {Algorithm Design},
  publisher = {Cornell University}
}

@online{youtube,
        title = {R9. Approximation Algorithms: Traveling Salesman Problem},
        date = {2015},
        organization = {Youtube},
        author = {Amartya Shankha Biswas},
        url = {https://www.youtube.com/watch?v=zM5MW5NKZJg&t=1438s},
}