@misc{SL18,
    key = {Sweep-Line},
    title = {Lecture \#22: Sweep-Line and Segment Intersection},
    month = {November},
    year = {2018},
    publisher = {Carnegie Mellon University},
    pages = {8},
}